@book{dos2010animais,
  title={Animais na pesquisa e no ensino: aspectos {\'e}ticos e t{\'e}cnicos},
  author={dos Santos Feij{\'o}, Anamaria Gon{\c{c}}alves and Pitrez, Paulo M{\'a}rcio Condessa and de Macedo Braga, Luisa Maria Gomes},
  year={2010},
  publisher={EDIPUCRS}
}

@misc{quote1_dos2010animais,
  title={O fluxo fisiólogico da ciência é o surgimento constante de perguntas, com a exigência de repostas sempre sob bases empíricas (sólidas, concretas). A melhor forma de responder essas perguntas é realizando experimentos: colhendo informações, analisando dados e tirando conclusões. Nas áreas das ciências da saúde, esses experimentos, requerem, na maioria das vezes, a utilização de animais, humanos ou não humanos},
 pages = {67}
}

@misc{quote2_dos2010animais,
  title={nem sempre é possivel a realização de estudos em humanos devido as limitações éticas. É nessa situação que a utilização de animais não humanos em pesquisa entrou para a história},
 pages = {68}
}

@misc{quote3_dos2010animais,
  title={Os animais mais utilizados atualmente em pesquisa são roedores, particulamente camundogos e ratos (95%)},
  pages = {69}
}

@misc{quote4_dos2010animais,
  title={Esses animais são ainda utilizados no mundo todo, principalmente para os seguintes fins: estudos biólogicos em ciência básica (incluindo pesquisa de mecanismos e doença); pesquisa, desenvolvimento e controle de qualidade de produtos para Medicina humana e veterinária; e toxicologia/eficácia/segurança de fármacos},
  pages = {69}
}

@misc{quote5_dos2010animais,
  title={É reconhecido então que estudos com animais estão associados a descobertas que provocam grande impacto no aumento do bem-estar e da longevidade do homem},
  pages = {69}
}

@misc{quote5_dos2010animais,
  title={É reconhecido então que estudos com animais estão associados a descobertas que provocam grande impacto no aumento do bem-estar e da longevidade do homem},
  pages = {69}
}

@misc{quote6_dos2010animais,
  title={Por décadas, o rato foi a espécie de escolha nas pesquisas pré-clinicas pois esses animais realizam bem tarefas, cognitivas, que são fundamentais para a farmacologia comportamental moderna},
  pages = {360}
}

@misc{quote7_dos2010animais,
  title={Devido à complexidade dos sistemas biológicos, o uso de animais de experimentação tem contribuído muito para aprofundar o conhecimento sobre diferentes mecanismos adaptativos nos organimos submetidos ao exercício físico e crônico, pricipalmente quando a realização desses estudos em humanos apresenta limitações por ser muito invasiva ou exigiria um acompanhamento do sujeito durante toda a sua vida, o que é impraticavél},
 pages = {341}
}

%-------------------------------------------------------
@article{cruzpsicologia,
  title={Psicologia da Aprendizagem: a utiliza{\c{c}}{\~a}o da t{\'e}cnica de condicionamento operante dentro e fora do laborat{\'o}rio},
  author={Cruz, E and Fran{\c{c}}a, V and Araujo, P and Barbosa, K and Silva, J and Santos, N},
  journal={X ENCONTRO DE INICIA{\c{C}}{\~A}O {\`A} DOC{\^E}NCIA1},
  pages={1--6}
}
